@misc{ups_definicion,
  title   = {Qué es un UPS y como funciona},
  url     = {https://www.transelec.com.ar/soporte/18411/-que-es-un-ups-y-como-funciona-/},
  author  = {Transelec},
  journal = {Transelec.com.ar},
  year    = {2020}
}

@misc{grafo_definicion,
  title   = {Qué son los grafos},
  url     = {https://www.grapheverywhere.com/que-son-los-grafos/},
  journal = {GraphEverywhere},
  author  = {Orlando},
  year    = {2019},
  month   = {Jul}
}

‌@misc{teoria_grafos_definicion,
  title   = {Teoría de Grafos: Análisis relacional de las Redes Sociales},
  url     = {https://www.inesem.es/revistadigital/informatica-y-tics/teoria-grafos/#:~:text=Un%20grafo%2C%20es%20una%20estructura,o%20relaciones%20entre%20los%20actores.},
  journal = {Canal Informática y TICS},
  author  = {Rochina, Paula},
  year    = {2017},
  month   = {Mar}
}

@misc{regulador_de_voltaje,
  title   = {¿Cómo funciona un regulador de voltaje?},
  url     = {https://www.youtube.com/watch?v=8opG1EH32_E},
  journal = {YouTube},
  author  = {VOGAR Reguladores},
  year    = {2020},
  month   = {Feb}
}

@misc{ups_circuito,
  title   = {Cómo funciona el UPS Off-Line. Diagrama a bloques y funcionamiento.},
  url     = {https://www.youtube.com/watch?v=ed_jG8876RY&t=406s},
  journal = {YouTube},
  author  = {Faraday Electrónica},
  year    = {2020},
  month   = {Jun}
}

‌@misc{cargador_de_bateria,
  title   = {CÓMO FUNCIONA UN CARGADOR DE BATERÍAS. DESARMANDO PARA COMPRENDER.},
  url     = {https://www.youtube.com/watch?v=HC_h_djf1YE&t=383s},
  journal = {YouTube},
  author  = {Luis Carlos Galán},
  year    = {2015},
  month   = {Aug}
}

‌@misc{inversor,
  title   = {Inversor de Corriente Explicado},
  url     = {https://www.youtube.com/watch?v=BFdPmdNgJm4},
  journal = {YouTube},
  author  = {Mentalidad De Ingeniería},
  year    = {2020},
  month   = {Nov}
}

‌